<record><leader>00000cas a22000007a 4500</leader><controlfield tag="001">15923990</controlfield><controlfield tag="008">870612u1890uuuutxumn pe      0   a0eng c</controlfield><datafield ind1=" " ind2=" " tag="010"><subfield code="a">sn 87090351 </subfield></datafield><datafield ind1=" " ind2=" " tag="040"><subfield code="a">PPM</subfield><subfield code="b">eng</subfield><subfield code="c">PPM</subfield><subfield code="d">OCLCQ</subfield><subfield code="d">NDD</subfield><subfield code="d">OCLCO</subfield><subfield code="d">OCLCF</subfield><subfield code="d">OCLCO</subfield></datafield><datafield ind1="1" ind2=" " tag="029"><subfield code="a">AU@</subfield><subfield code="b">000025824752</subfield></datafield><datafield ind1=" " ind2=" " tag="042"><subfield code="a">msc</subfield></datafield><datafield ind1=" " ind2=" " tag="043"><subfield code="a">n-us-tx</subfield></datafield><datafield ind1="1" ind2="4" tag="050"><subfield code="a">HV5235.T4</subfield><subfield code="b">.T493</subfield></datafield><datafield ind1="0" ind2="0" tag="245"><subfield code="a">Texas white ribbon.</subfield></datafield><datafield ind1=" " ind2=" " tag="260"><subfield code="a">Dallas, Tex. :</subfield><subfield code="b">Mrs Jeane Dixon</subfield></datafield><datafield ind1="3" ind2=" " tag="260"><subfield code="3">&lt;1891-&gt; :</subfield><subfield code="a">Denison, Tex :</subfield><subfield code="b">Texas W.C.T.U.</subfield></datafield><datafield ind1=" " ind2=" " tag="300"><subfield code="a">volumes ;</subfield><subfield code="c">35-41 cm</subfield></datafield><datafield ind1=" " ind2=" " tag="310"><subfield code="a">Monthly (except July and Dec.)</subfield></datafield><datafield ind1=" " ind2=" " tag="336"><subfield code="a">text</subfield><subfield code="b">txt</subfield><subfield code="2">rdacontent</subfield></datafield><datafield ind1=" " ind2=" " tag="337"><subfield code="a">unmediated</subfield><subfield code="b">n</subfield><subfield code="2">rdamedia</subfield></datafield><datafield ind1=" " ind2=" " tag="338"><subfield code="a">volume</subfield><subfield code="b">nc</subfield><subfield code="2">rdacarrier</subfield></datafield><datafield ind1="1" ind2=" " tag="362"><subfield code="a">Began in 1890?</subfield></datafield><datafield ind1=" " ind2=" " tag="500"><subfield code="a">Edited by: Mrs. S.C. Acheson, &lt;1891-&gt;;  Mrs. Claude De Van Watts, &lt;1930-&gt;</subfield></datafield><datafield ind1=" " ind2=" " tag="500"><subfield code="a">Place of publication varies.</subfield></datafield><datafield ind1=" " ind2=" " tag="515"><subfield code="a">Some numbering irregularities: June 1940 issue numbered volume XX, no. 145.</subfield></datafield><datafield ind1=" " ind2=" " tag="550"><subfield code="a">"Official paper of the Texas W.C.T.U."--Caption, May 1891.</subfield></datafield><datafield ind1=" " ind2=" " tag="588"><subfield code="a">Description based on: Vol. 1, no. 12 (Sept. 1890).</subfield></datafield><datafield ind1=" " ind2=" " tag="588"><subfield code="a">Latest issue consulted: Volume XX, number 76 (November/December 1930).</subfield></datafield><datafield ind1="2" ind2="0" tag="610"><subfield code="a">Woman's Christian Temperance Union of Texas</subfield><subfield code="v">Periodicals.</subfield></datafield><datafield ind1=" " ind2="0" tag="650"><subfield code="a">Temperance</subfield><subfield code="z">Texas</subfield><subfield code="x">Societies, etc.</subfield><subfield code="v">Periodicals.</subfield></datafield><datafield ind1=" " ind2="0" tag="650"><subfield code="a">Temperance</subfield><subfield code="z">Texas</subfield><subfield code="v">Periodicals.</subfield></datafield><datafield ind1=" " ind2="0" tag="650"><subfield code="a">Temperance</subfield><subfield code="v">Periodicals.</subfield></datafield><datafield ind1=" " ind2="0" tag="650"><subfield code="a">Women social reformers</subfield><subfield code="z">Texas</subfield><subfield code="v">Periodicals.</subfield></datafield><datafield ind1=" " ind2="7" tag="655"><subfield code="a">Periodicals.</subfield><subfield code="2">fast</subfield><subfield code="0">(OCoLC)fst01411641</subfield></datafield><datafield ind1="2" ind2="7" tag="610"><subfield code="a">Woman's Christian Temperance Union of Texas.</subfield><subfield code="2">fast</subfield><subfield code="0">(OCoLC)fst00707780</subfield></datafield><datafield ind1=" " ind2="7" tag="650"><subfield code="a">Temperance.</subfield><subfield code="2">fast</subfield><subfield code="0">(OCoLC)fst01147309</subfield></datafield><datafield ind1=" " ind2="7" tag="650"><subfield code="a">Temperance</subfield><subfield code="x">Societies, etc.</subfield><subfield code="2">fast</subfield><subfield code="0">(OCoLC)fst01147318</subfield></datafield><datafield ind1=" " ind2="7" tag="650"><subfield code="a">Women social reformers.</subfield><subfield code="2">fast</subfield><subfield code="0">(OCoLC)fst01178540</subfield></datafield><datafield ind1=" " ind2="7" tag="651"><subfield code="a">Texas.</subfield><subfield code="2">fast</subfield><subfield code="0">(OCoLC)fst01210336</subfield></datafield><datafield ind1="1" ind2=" " tag="700"><subfield code="a">Acheson, S. C.,</subfield><subfield code="c">Mrs.,</subfield><subfield code="d">1844-1899,</subfield><subfield code="e">editor.</subfield></datafield><datafield ind1="1" ind2=" " tag="700"><subfield code="a">De Van Watts, Claude,</subfield><subfield code="c">Mrs.,</subfield><subfield code="d">1881-1971,</subfield><subfield code="e">editor.</subfield></datafield><datafield ind1="2" ind2=" " tag="710"><subfield code="a">Woman's Christian Temperance Union of Texas,</subfield><subfield code="e">issuing body.</subfield></datafield><datafield ind1=" " ind2=" " tag="752"><subfield code="a">United States</subfield><subfield code="b">Texas</subfield><subfield code="c">Dallas</subfield><subfield code="d">Dallas.</subfield></datafield><datafield ind1=" " ind2=" " tag="752"><subfield code="a">United States</subfield><subfield code="b">Texas</subfield><subfield code="c">Travis</subfield><subfield code="d">Austin.</subfield></datafield><datafield ind1=" " ind2=" " tag="752"><subfield code="a">United States</subfield><subfield code="b">Texas</subfield><subfield code="c">Tarrant</subfield><subfield code="d">Fort Worth.</subfield></datafield></record>